<record xmlns='http://www.loc.gov/MARC21/slim'><leader>01127cim a22003372u 4500</leader><controlfield tag='001'>3601474</controlfield><controlfield tag='005'>20151214182851.0</controlfield><controlfield tag='007'>ss|lmnjluz|nuu</controlfield><controlfield tag='008'>991101s1984    nyunnn         l    eng d</controlfield><datafield ind1=' ' ind2=' ' tag='035'><subfield code='a'>(NIC)notisASF8539</subfield></datafield><datafield ind1=' ' ind2=' ' tag='035'><subfield code='a'>3601474</subfield></datafield><datafield ind1=' ' ind2=' ' tag='035'><subfield code='a'>(OCoLC)63897665</subfield></datafield><datafield ind1=' ' ind2=' ' tag='040'><subfield code='a'>NIC</subfield><subfield code='c'>NIC</subfield><subfield code='d'>NIC</subfield><subfield code='d'>NIC</subfield></datafield><datafield ind1='1' ind2=' ' tag='100'><subfield code='a'>Porter, Katherin Anne.</subfield></datafield><datafield ind1='1' ind2='0' tag='245'><subfield code='a'>Lecture on her work</subfield><subfield code='h'>[sound recording]</subfield></datafield><datafield ind1=' ' ind2=' ' tag='260'><subfield code='c'>1984.</subfield></datafield><datafield ind1=' ' ind2=' ' tag='300'><subfield code='a'>1 sound cassette (60 min.) :</subfield><subfield code='b'>analog, mono.</subfield></datafield><datafield ind1=' ' ind2=' ' tag='500'><subfield code='a'>Recorded in Ithaca, NY by Cornell University.</subfield></datafield><datafield ind1=' ' ind2=' ' tag='500'><subfield code='a'>Sponsored by: Art, Department of.</subfield></datafield><datafield ind1=' ' ind2=' ' tag='518'><subfield code='a'>Lecture, February 6, 1984.</subfield></datafield><datafield ind1=' ' ind2=' ' tag='520'><subfield code='a'>Porter discusses her artwork.</subfield></datafield><datafield ind1='1' ind2='0' tag='600'><subfield code='a'>Porter, Katherine Anne,</subfield><subfield code='d'>1890-1980</subfield></datafield><datafield ind1=' ' ind2='0' tag='650'><subfield code='a'>Women artists.</subfield></datafield><datafield ind1=' ' ind2='0' tag='650'><subfield code='a'>Artists</subfield><subfield code='z'>United States.</subfield></datafield><datafield ind1='1' ind2='7' tag='600'><subfield code='a'>Porter, Katherine Anne,</subfield><subfield code='d'>1890-1980</subfield><subfield code='2'>fast</subfield><subfield code='0'>(OCoLC)fst00033438</subfield></datafield><datafield ind1=' ' ind2='7' tag='650'><subfield code='a'>Artists</subfield><subfield code='2'>fast</subfield><subfield code='0'>(OCoLC)fst00817559</subfield></datafield><datafield ind1=' ' ind2='7' tag='650'><subfield code='a'>Women artists</subfield><subfield code='2'>fast</subfield><subfield code='0'>(OCoLC)fst01177159</subfield></datafield><datafield ind1=' ' ind2='7' tag='651'><subfield code='a'>United States</subfield><subfield code='2'>fast</subfield><subfield code='0'>(OCoLC)fst01204155</subfield></datafield><datafield ind1='1' ind2=' ' tag='899'><subfield code='a'>CULectures</subfield></datafield><datafield ind1=' ' ind2=' ' tag='905'><subfield code='a'>20000404120000.0</subfield></datafield><datafield ind1='2' ind2=' ' tag='948'><subfield code='a'>20141221</subfield><subfield code='b'>m</subfield><subfield code='d'>batch</subfield><subfield code='e'>lts</subfield><subfield code='x'>addfast</subfield></datafield></record>